@Book{A,
    title = {Metodos Numericos para Ingenieros},
    author = {Chapra, steven C. y Canale, Raymond p.},
    publisher = {McGRAW-HILL/INTERAMERICANA EDITORES},
    edition = {fifth},
    address = {Mexico},
    year = {2002},
    note = {ISBN 970-10-3965-3},
    url = {http://www.stats.ox.ac.uk/pub/MASS4},
  }

@TechReport{B,
author = {Dpto. de Matemática},
title = {Cátedra de Métodos Numérico},
year = {2007},
}

@TechReport{C,
author = {Universidad de valencia},
title = {Regla de Simpson},
year = {2005},
}

@TechReport{D,
author = {Universidad de Salamanda, Ciencias Ambientales},
title = {Integración numérica},
year = {2005},
}

@TechReport{E,
author = {Jorge Román},
title = {Integración Numérica: Método de Simpson},
year = {2010},
}

@TechReport{F,
author = {Universidad del Cauca},
title = {ESTIMACIÓN DE ERROR PARA MÉTODOS DEL TRAPECIO, SIMPSON (1/3) Y SIMPSON (3/8)},
year = {2008},
}

@TechReport{G,
author = {Ricardo Seminario Vasquez},
title = {METODOS NUMERICOS PARA INGENIERIA },
year = {2012},
}

@TechReport{H,
author = {Héctor Ramírez C.},
title = {Curso de Métodos Numéricos en  MATLAB },
year = {2004},
}

